@Article{Ciclano2021,
  author    = {Ciclano Silva},
  journal   = {Journal of Heat Transfer},
  title     = {Título do Trabalho},
  year      = {2021},
  month     = {aug},
  number    = {3},
  pages     = {650--656},
  volume    = {113},
}

@Article{Fulano2021,
  author    = {Fulano Santos},
  journal   = {Journal of Heat Transfer},
  title     = {Título do Trabalho},
  year      = {2021},
  month     = {aug},
  number    = {3},
  pages     = {650--656},
  volume    = {113},
}

@Article{Beltrano2021,
  author    = {Beltrano Pereira},
  journal   = {Journal of Heat Transfer},
  title     = {Título do Trabalho},
  year      = {2021},
  month     = {aug},
  number    = {3},
  pages     = {650--656},
  volume    = {113},
}
